<?xml version="1.0" encoding="UTF-8"?><collection xmlns="http://www.loc.gov/MARC21/slim"><record><leader>00419nam--2200133-i-4500</leader><controlfield tag="001">000019691</controlfield><controlfield tag="002">20161230</controlfield><controlfield tag="005">20161230201033</controlfield><controlfield tag="008">060222s1000------------r-----000-0-eng-d</controlfield><datafield ind1=" " ind2=" " tag="245"><subfield code="a">Environmental toxicity of aquatic radionuclides:models and machanisms</subfield></datafield><datafield ind1=" " ind2=" " tag="260"><subfield code="a">Ann Arbor</subfield></datafield><datafield ind1=" " ind2=" " tag="490"><subfield code="a">Ann Arbor Science, 1976. Xv + 333p</subfield></datafield><datafield ind1=" " ind2=" " tag="700"><subfield code="a">Miller, Morton.W,. Stannard, Newell.J</subfield></datafield><datafield ind1=" " ind2=" " tag="852"><subfield code="a">502.55(204):621.039.8:546.799:628.39</subfield></datafield></record></collection>